<record><leader>00000cas a22000007a 4500</leader><controlfield tag="001">20237070</controlfield><controlfield tag="008">890823d19uu19uulauwr ne      0    0eng d</controlfield><datafield ind1=" " ind2=" " tag="010"><subfield code="a">sn 89059329 </subfield></datafield><datafield ind1=" " ind2=" " tag="040"><subfield code="a">LNP</subfield><subfield code="b">eng</subfield><subfield code="c">LNP</subfield><subfield code="d">OCLCQ</subfield></datafield><datafield ind1=" " ind2=" " tag="042"><subfield code="a">msc</subfield></datafield><datafield ind1="0" ind2="4" tag="245"><subfield code="a">The weekly watchman and vindicator-news.</subfield></datafield><datafield ind1=" " ind2=" " tag="260"><subfield code="a">Franklin, La. :</subfield><subfield code="b">Oscar L. Alpha</subfield></datafield><datafield ind1=" " ind2=" " tag="300"><subfield code="a">v.</subfield></datafield><datafield ind1=" " ind2=" " tag="310"><subfield code="a">Weekly</subfield></datafield><datafield ind1=" " ind2=" " tag="500"><subfield code="a">Has occasional supplements.</subfield></datafield><datafield ind1=" " ind2=" " tag="588"><subfield code="a">Description based on: Vol. 10, no. 17 (Apr. 2, 1910).</subfield></datafield><datafield ind1=" " ind2=" " tag="752"><subfield code="a">United States</subfield><subfield code="b">Louisiana</subfield><subfield code="c">Saint Mary</subfield><subfield code="d">Franklin.</subfield></datafield><datafield ind1="0" ind2="4" tag="780"><subfield code="t">Vindicator-news</subfield></datafield><datafield ind1="0" ind2="4" tag="780"><subfield code="t">Weekly watchman</subfield></datafield></record>